@misc{Test,
    author = {Tester},
    title = {Test}
}